@inproceedings{DBLP:conf/aplas/SuenagaK09,
  author    = {Kohei Suenaga and
               Naoki Kobayashi},
  editor    = {Zhenjiang Hu},
  title     = {Fractional Ownerships for Safe Memory Deallocation},
  booktitle = {Programming Languages and Systems, 7th Asian Symposium, {APLAS} 2009,
               Seoul, Korea, December 14-16, 2009. Proceedings},
  series    = {Lecture Notes in Computer Science},
  volume    = {5904},
  pages     = {128--143},
  publisher = {Springer},
  year      = {2009},
  url       = {http://dx.doi.org/10.1007/978-3-642-10672-9_11},
  doi       = {10.1007/978-3-642-10672-9_11},
  timestamp = {Fri, 19 Jul 2013 09:37:20 +0200},
  biburl    = {http://dblp.uni-trier.de/rec/bib/conf/aplas/SuenagaK09},
  bibsource = {dblp computer science bibliography, http://dblp.org}
}

@article{DBLP:journals/cacm/Leroy09,
  author    = {Xavier Leroy},
  title     = {Formal verification of a realistic compiler},
  journal   = {Commun. {ACM}},
  volume    = {52},
  number    = {7},
  pages     = {107--115},
  year      = {2009},
  url       = {http://doi.acm.org/10.1145/1538788.1538814},
  doi       = {10.1145/1538788.1538814},
  timestamp = {Thu, 02 Jul 2009 13:36:32 +0200},
  biburl    = {http://dblp.uni-trier.de/rec/bib/journals/cacm/Leroy09},
  bibsource = {dblp computer science bibliography, http://dblp.org}
}


@article{DBLP:journals/jar/BlazyL09,
  author    = {Sandrine Blazy and
               Xavier Leroy},
  title     = {Mechanized Semantics for the Clight Subset of the {C} Language},
  journal   = {J. Autom. Reasoning},
  volume    = {43},
  number    = {3},
  pages     = {263--288},
  year      = {2009},
  url       = {http://dx.doi.org/10.1007/s10817-009-9148-3},
  doi       = {10.1007/s10817-009-9148-3},
  timestamp = {Tue, 15 Dec 2009 14:21:05 +0100},
  biburl    = {http://dblp.uni-trier.de/rec/bib/journals/jar/BlazyL09},
  bibsource = {dblp computer science bibliography, http://dblp.org}
}



@inproceedings{DBLP:conf/esop/HaackW03,
  author    = {Christian Haack and
               Joe B. Wells},
  editor    = {Pierpaolo Degano},
  title     = {Type Error Slicing in Implicitly Typed Higher-Order Languages},
  booktitle = {Programming Languages and Systems, 12th European Symposium on Programming,
               {ESOP} 2003, Held as Part of the Joint European Conferences on Theory
               and Practice of Software, {ETAPS} 2003, Warsaw, Poland, April 7-11,
               2003, Proceedings},
  series    = {Lecture Notes in Computer Science},
  volume    = {2618},
  pages     = {284--301},
  publisher = {Springer},
  year      = {2003},
  url       = {http://dx.doi.org/10.1007/3-540-36575-3_20},
  doi       = {10.1007/3-540-36575-3_20},
  timestamp = {Sat, 24 Mar 2012 12:11:16 +0100},
  biburl    = {http://dblp.uni-trier.de/rec/bib/conf/esop/HaackW03},
  bibsource = {dblp computer science bibliography, http://dblp.org}
}

@inproceedings{DBLP:conf/dsl/DineshT97,
  author    = {T. B. Dinesh and
               Frank Tip},
  editor    = {Chris Ramming},
  title     = {A Slicing-Based Approach for Locating Type Errors},
  booktitle = {Proceedings of the Conference on Domain-Specific Languages, DSL'97,
               Santa Barbara, California, USA, October 15-17, 1997},
  publisher = {{USENIX}},
  year      = {1997},
  url       = {http://www.usenix.org/publications/library/proceedings/dsl97/dinesh.html},
  timestamp = {Thu, 15 May 2014 18:36:22 +0200},
  biburl    = {http://dblp.uni-trier.de/rec/bib/conf/dsl/DineshT97},
  bibsource = {dblp computer science bibliography, http://dblp.org}
}

@inproceedings{DBLP:conf/pepm/BoustaniH09,
  author    = {Nabil El Boustani and
               Jurriaan Hage},
  editor    = {Germ{\'{a}}n Puebla and
               Germ{\'{a}}n Vidal},
  title     = {Improving type error messages for generic java},
  booktitle = {Proceedings of the 2009 {ACM} {SIGPLAN} Symposium on Partial Evaluation
               and Semantics-based Program Manipulation, {PEPM} 2009, Savannah, GA,
               USA, January 19-20, 2009},
  pages     = {131--140},
  publisher = {{ACM}},
  year      = {2009},
  url       = {http://doi.acm.org/10.1145/1480945.1480964},
  doi       = {10.1145/1480945.1480964},
  timestamp = {Tue, 22 May 2012 15:24:56 +0200},
  biburl    = {http://dblp.uni-trier.de/rec/bib/conf/pepm/BoustaniH09},
  bibsource = {dblp computer science bibliography, http://dblp.org}
}

@inproceedings{DBLP:conf/pepm/BoustaniH09,
  author    = {Nabil El Boustani and
               Jurriaan Hage},
  editor    = {Germ{\'{a}}n Puebla and
               Germ{\'{a}}n Vidal},
  title     = {Improving type error messages for generic java},
  booktitle = {Proceedings of the 2009 {ACM} {SIGPLAN} Symposium on Partial Evaluation
               and Semantics-based Program Manipulation, {PEPM} 2009, Savannah, GA,
               USA, January 19-20, 2009},
  pages     = {131--140},
  publisher = {{ACM}},
  year      = {2009},
  url       = {http://doi.acm.org/10.1145/1480945.1480964},
  doi       = {10.1145/1480945.1480964},
  timestamp = {Tue, 22 May 2012 15:24:56 +0200},
  biburl    = {http://dblp.uni-trier.de/rec/bib/conf/pepm/BoustaniH09},
  bibsource = {dblp computer science bibliography, http://dblp.org}
}

@inproceedings{DBLP:conf/sigsoft/XieA05,
  author    = {Yichen Xie and
               Alexander Aiken},
  title     = {Context- and path-sensitive memory leak detection},
  booktitle = {{ACM} {SIGSOFT} International Symposium on Foundations
               of Software Engineering},
  pages     = {115--125},
  year      = {2005},
  url       = {http://doi.acm.org/10.1145/1081706.1081728},
  doi       = {10.1145/1081706.1081728},
  timestamp = {Wed, 01 Apr 2015 20:06:24 +0200},
  biburl    = {http://dblp.uni-trier.de/rec/bib/conf/sigsoft/XieA05},
  bibsource = {dblp computer science bibliography, http://dblp.org}
}

@inproceedings{DBLP:conf/pldi/CheremPR07,
  author    = {Sigmund Cherem and
               Lonnie Princehouse and
               Radu Rugina},
  title     = {Practical memory leak detection using guarded value-flow analysis},
  booktitle = {{ACM} {SIGPLAN}},
  pages     = {480--491},
  year      = {2007},
  url       = {http://doi.acm.org/10.1145/1250734.1250789},
  doi       = {10.1145/1250734.1250789},
  timestamp = {Wed, 13 Jun 2007 10:00:03 +0200},
  biburl    = {http://dblp.uni-trier.de/rec/bib/conf/pldi/CheremPR07},
  bibsource = {dblp computer science bibliography, http://dblp.org}
}

@inproceedings{DBLP:conf/lics/Reynolds02,
  author    = {John C. Reynolds},
  title     = {Separation Logic: {A} Logic for Shared Mutable Data Structures},
  booktitle = {17th {IEEE} Symposium on Logic in Computer Science {(LICS} 2002),
               22-25 July 2002, Copenhagen, Denmark, Proceedings},
  pages     = {55--74},
  publisher = {{IEEE} Computer Society},
  year      = {2002},
  url       = {http://dx.doi.org/10.1109/LICS.2002.1029817},
  doi       = {10.1109/LICS.2002.1029817},
  timestamp = {Sat, 22 Nov 2014 13:44:45 +0100},
  biburl    = {http://dblp.uni-trier.de/rec/bib/conf/lics/Reynolds02},
  bibsource = {dblp computer science bibliography, http://dblp.org}
}

@inproceedings{DBLP:conf/cav/BerdineCCDOWY07,
  author    = {Josh Berdine and
               Cristiano Calcagno and
               Byron Cook and
               Dino Distefano and
               Peter W. O'Hearn and
               Thomas Wies and
               Hongseok Yang},
  editor    = {Werner Damm and
               Holger Hermanns},
  title     = {Shape Analysis for Composite Data Structures},
  booktitle = {Computer Aided Verification, 19th International Conference, {CAV}
               2007, Berlin, Germany, July 3-7, 2007, Proceedings},
  series    = {Lecture Notes in Computer Science},
  volume    = {4590},
  pages     = {178--192},
  publisher = {Springer},
  year      = {2007},
  url       = {http://dx.doi.org/10.1007/978-3-540-73368-3_22},
  doi       = {10.1007/978-3-540-73368-3_22},
  timestamp = {Mon, 03 Sep 2007 13:24:22 +0200},
  biburl    = {http://dblp.uni-trier.de/rec/bib/conf/cav/BerdineCCDOWY07},
  bibsource = {dblp computer science bibliography, http://dblp.org}
}

@inproceedings{DBLP:conf/tacas/DistefanoOY06,
  author    = {Dino Distefano and
               Peter W. O'Hearn and
               Hongseok Yang},
  editor    = {Holger Hermanns and
               Jens Palsberg},
  title     = {A Local Shape Analysis Based on Separation Logic},
  booktitle = {Tools and Algorithms for the Construction and Analysis of Systems,
               12th International Conference, {TACAS} 2006 Held as Part of the Joint
               European Conferences on Theory and Practice of Software, {ETAPS} 2006,
               Vienna, Austria, March 25 - April 2, 2006, Proceedings},
  series    = {Lecture Notes in Computer Science},
  volume    = {3920},
  pages     = {287--302},
  publisher = {Springer},
  year      = {2006},
  url       = {http://dx.doi.org/10.1007/11691372_19},
  doi       = {10.1007/11691372_19},
  timestamp = {Thu, 28 May 2015 17:23:18 +0200},
  biburl    = {http://dblp.uni-trier.de/rec/bib/conf/tacas/DistefanoOY06},
  bibsource = {dblp computer science bibliography, http://dblp.org}
}

@book{DBLP:series/txtcs/BertotC04,
  author    = {Yves Bertot and
               Pierre Cast{\'{e}}ran},
  title     = {Interactive Theorem Proving and Program Development - Coq'Art: The
               Calculus of Inductive Constructions},
  series    = {Texts in Theoretical Computer Science. An {EATCS} Series},
  publisher = {Springer},
  year      = {2004},
  url       = {http://dx.doi.org/10.1007/978-3-662-07964-5},
  doi       = {10.1007/978-3-662-07964-5},
  isbn      = {978-3-642-05880-6},
  timestamp = {Wed, 09 Sep 2015 16:46:05 +0200},
  biburl    = {http://dblp.uni-trier.de/rec/bib/series/txtcs/BertotC04},
  bibsource = {dblp computer science bibliography, http://dblp.org}
}

@inproceedings{DBLP:conf/tacas/MouraB08,
  author    = {Leonardo Mendon{\c{c}}a de Moura and
               Nikolaj Bj{\o}rner},
  editor    = {C. R. Ramakrishnan and
               Jakob Rehof},
  title     = {{Z3:} An Efficient {SMT} Solver},
  booktitle = {Tools and Algorithms for the Construction and Analysis of Systems,
               14th International Conference, {TACAS} 2008, Held as Part of the Joint
               European Conferences on Theory and Practice of Software, {ETAPS} 2008,
               Budapest, Hungary, March 29-April 6, 2008. Proceedings},
  series    = {Lecture Notes in Computer Science},
  volume    = {4963},
  pages     = {337--340},
  publisher = {Springer},
  year      = {2008},
  url       = {http://dx.doi.org/10.1007/978-3-540-78800-3_24},
  doi       = {10.1007/978-3-540-78800-3_24},
  timestamp = {Thu, 28 May 2015 17:23:18 +0200},
  biburl    = {http://dblp.uni-trier.de/rec/bib/conf/tacas/MouraB08},
  bibsource = {dblp computer science bibliography, http://dblp.org}
}

@article{飯村枝里2008,
  title={型エラースライシングによるデッドロックの原因特定},
  author={飯村枝里，小林直樹 and 末永幸平},
  journal={情報処理学会論文誌プログラミング (PRO)},
  volume={1},
  number={2},
  pages={71--84},
  year={2008},
  publisher={情報処理学会}
}

@inproceedings{飯村枝里2007,
  title={型に基づくレース解析とその結果表示のためのスライシング},
  author={飯村枝里，小林直樹 and 末永幸平},
  publisher={プログラミングおよびプログラミング言語ワークショップ},
  year={2007},
}

@book{DBLP:books/ph/KernighanR78,
  author    = {Brian W. Kernighan and
               Dennis Ritchie},
  title     = {The {C} Programming Language},
  publisher = {Prentice-Hall},
  year      = {1978},
  isbn      = {0-13-110163-3},
  timestamp = {Thu, 03 Jan 2002 11:51:40 +0100},
  biburl    = {http://dblp.uni-trier.de/rec/bib/books/ph/KernighanR78},
  bibsource = {dblp computer science bibliography, http://dblp.org}
}

@inproceedings{DBLP:conf/popl/StewartBCA15,
  author    = {Gordon Stewart and
               Lennart Beringer and
               Santiago Cuellar and
               Andrew W. Appel},
  editor    = {Sriram K. Rajamani and
               David Walker},
  title     = {Compositional CompCert},
  booktitle = {Proceedings of the 42nd Annual {ACM} {SIGPLAN-SIGACT} Symposium on
               Principles of Programming Languages, {POPL} 2015, Mumbai, India, January
               15-17, 2015},
  pages     = {275--287},
  publisher = {{ACM}},
  year      = {2015},
  url       = {http://doi.acm.org/10.1145/2676726.2676985},
  doi       = {10.1145/2676726.2676985},
  timestamp = {Sat, 20 Dec 2014 16:58:56 +0100},
  biburl    = {http://dblp.uni-trier.de/rec/bib/conf/popl/StewartBCA15},
  bibsource = {dblp computer science bibliography, http://dblp.org}
}

@inproceedings{DBLP:conf/itp/KrebbersLW14,
  author    = {Robbert Krebbers and
               Xavier Leroy and
               Freek Wiedijk},
  editor    = {Gerwin Klein and
               Ruben Gamboa},
  title     = {Formal {C} Semantics: CompCert and the {C} Standard},
  booktitle = {Interactive Theorem Proving - 5th International Conference, {ITP}
               2014, Held as Part of the Vienna Summer of Logic, {VSL} 2014, Vienna,
               Austria, July 14-17, 2014. Proceedings},
  series    = {Lecture Notes in Computer Science},
  volume    = {8558},
  pages     = {543--548},
  publisher = {Springer},
  year      = {2014},
  url       = {http://dx.doi.org/10.1007/978-3-319-08970-6_36},
  doi       = {10.1007/978-3-319-08970-6_36},
  timestamp = {Mon, 30 Jun 2014 12:30:02 +0200},
  biburl    = {http://dblp.uni-trier.de/rec/bib/conf/itp/KrebbersLW14},
  bibsource = {dblp computer science bibliography, http://dblp.org}
}

@inproceedings{DBLP:conf/fmcad/McMillan11,
  author    = {Kenneth L. McMillan},
  editor    = {Per Bjesse and
               Anna Slobodov{\'{a}}},
  title     = {Interpolants from {Z3} proofs},
  booktitle = {International Conference on Formal Methods in Computer-Aided Design,
               {FMCAD} '11, Austin, TX, USA, October 30 - November 02, 2011},
  pages     = {19--27},
  publisher = {{FMCAD} Inc.},
  year      = {2011},
  url       = {http://dl.acm.org/citation.cfm?id=2157661},
  timestamp = {Mon, 13 Aug 2012 09:10:43 +0200},
  biburl    = {http://dblp.uni-trier.de/rec/bib/conf/fmcad/McMillan11},
  bibsource = {dblp computer science bibliography, http://dblp.org}
}

@inproceedings{DBLP:conf/pldi/GuoVA07,
  author    = {Bolei Guo and
               Neil Vachharajani and
               David I. August},
  editor    = {Jeanne Ferrante and
               Kathryn S. McKinley},
  title     = {Shape analysis with inductive recursion synthesis},
  booktitle = {Proceedings of the {ACM} {SIGPLAN} 2007 Conference on Programming
               Language Design and Implementation, San Diego, California, USA, June
               10-13, 2007},
  pages     = {256--265},
  publisher = {{ACM}},
  year      = {2007},
  url       = {http://doi.acm.org/10.1145/1250734.1250764},
  doi       = {10.1145/1250734.1250764},
  timestamp = {Wed, 13 Jun 2007 10:00:03 +0200},
  biburl    = {http://dblp.uni-trier.de/rec/bib/conf/pldi/GuoVA07},
  bibsource = {dblp computer science bibliography, http://dblp.org}
}